<?xml version="1.0" encoding="UTF-8"?><collection xmlns="http://www.loc.gov/MARC21/slim"><record><leader>00723nam--2200193-i-4500</leader><controlfield tag="001">000023454</controlfield><controlfield tag="002">20161230</controlfield><controlfield tag="005">20161230201035</controlfield><controlfield tag="008">060222s1000------------r-----000-0-eng-d</controlfield><datafield ind1=" " ind2=" " tag="020"><subfield code="a">044419536X</subfield></datafield><datafield ind1=" " ind2=" " tag="040"><subfield code="a">IFIN-HH</subfield></datafield><datafield ind1=" " ind2=" " tag="080"><subfield code="a">620.179.6(061.3):539.188(061.3)</subfield></datafield><datafield ind1="1" ind2=" " tag="100"><subfield code="a">Mayer, James W</subfield></datafield><datafield ind1="1" ind2="0" tag="245"><subfield code="a">Ion beam surface layer analysis</subfield><subfield code="b">Proceedings of the international conference held on june 18-20, 1973, in yorktown heights, n.y., and sponsored by the national science foundation ans the ibm corporation</subfield><subfield code="c">James w. mayer, james f. zeigler (eds.)</subfield></datafield><datafield ind1=" " ind2=" " tag="260"><subfield code="a">Lausanne</subfield><subfield code="b">Elsevier Sequoia S.A</subfield><subfield code="c">1974</subfield></datafield><datafield ind1=" " ind2=" " tag="300"><subfield code="a">VIII+463P</subfield></datafield><datafield ind1="1" ind2=" " tag="700"><subfield code="a">Zeigler, James F</subfield><subfield code="e">Ed</subfield></datafield><datafield ind1=" " ind2=" " tag="852"><subfield code="a">42370</subfield><subfield code="c">539.18</subfield></datafield><datafield ind1=" " ind2=" " tag="CAT"><subfield code="a">Sys</subfield><subfield code="c">20120703</subfield><subfield code="h">131117</subfield></datafield></record></collection>